<?xml version="1.0" encoding="UTF-8"?><record xmlns="http://www.loc.gov/MARC21/slim" xmlns:cinclude="http://apache.org/cocoon/include/1.0" xmlns:zs="http://www.loc.gov/zing/srw/">
  <leader>00484cz  a2200145n  4500</leader>
  <controlfield tag="001">nr 99000179 </controlfield>
  <controlfield tag="003">DLC</controlfield>
  <controlfield tag="005">20001203151950.0</controlfield>
  <controlfield tag="008">990104n| acannaabn          |a aaa     c</controlfield>
  <datafield tag="010" ind1=" " ind2=" ">
    <subfield code="a">nr 99000179 </subfield>
  </datafield>
  <datafield tag="035" ind1=" " ind2=" ">
    <subfield code="a">(OCoLC)oca04893751</subfield>
  </datafield>
  <datafield tag="040" ind1=" " ind2=" ">
    <subfield code="a">NjP</subfield>
    <subfield code="b">eng</subfield>
    <subfield code="c">NjP</subfield>
    <subfield code="d">OCoLC</subfield>
  </datafield>
  <datafield tag="100" ind1="1" ind2=" ">
    <subfield code="a">Amīrī Garrūsī, Ghulām Riz̤ā</subfield>
  </datafield>
  <datafield tag="400" ind1="1" ind2=" ">
    <subfield code="a">Garrūsī, Ghulām Riz̤ā Amīrī</subfield>
  </datafield>
  <datafield tag="670" ind1=" " ind2=" ">
    <subfield code="a">Aḥkām-i Qurʼān, yā, Qānūn-i Islām, 1949:</subfield>
    <subfield code="b">t.p. (Ghulām Riz̤ā Amīrī Garrūsī)</subfield>
  </datafield>
</record>